@book{aylward,
	author = {Aylward, B. and Wassall, R.},
	title = {Defining and Open Platform},
	year = {2017},
	publisher = {Aperta.org},
}

@book{deloitte,
	author = {Deloitte, Office of Life Sciences},
	title = {Digital health in the UK: an industry study for the Office of Life Sciences},
	year = {2017},
	publisher = {Deloitte},
}
